%!TEX root = ../main.tex

%
% TechCrunch
%
@string { tc = "TechCrunch" }


Facebook chose to fight fake news with AI, not just user reports
https://techcrunch.com/2016/11/14/facebook-fake-news/

CrossCheck 
Google and Facebook partner for anti-fake news drive during French election
https://techcrunch.com/2017/02/06/google-and-facebook-partner-for-anti-fake-news-drive-during-french-election/

Facebook runs full page newspaper ads against fake news in France ahead of the election
https://techcrunch.com/2017/04/14/facebook-runs-full-page-newspaper-ads-against-fake-news-in-france-ahead-of-the-election/


Snowden discusses Facebook’s fake news controversy
https://techcrunch.com/2016/11/15/snowden-discusses-facebooks-fake-news-controversy/

Facebook's Fight Against Fake News Was Undercut by Fear of Conservative Backlash
http://gizmodo.com/facebooks-fight-against-fake-news-was-undercut-by-fear-1788808204

Mark Zuckerberg on Fake News, Free Speech, and What Drives Facebook
https://www.fastcompany.com/40397297/mark-zuckerberg-on-fake-news-free-speech-and-what-drives-facebook

The Future of Free Speech, Trolls, Anonymity and Fake News Online
http://www.pewinternet.org/2017/03/29/the-future-of-free-speech-trolls-anonymity-and-fake-news-online/

How do you stop fake news? In Germany, with a law
https://www.washingtonpost.com/world/europe/how-do-you-stop-fake-news-in-germany-with-a-law/2017/04/05/e6834ad6-1a08-11e7-bcc2-7d1a0973e7b2_story.html

Germany to fine social networks up to €50m for not taking down fake news posts
http://www.independent.co.uk/news/world/europe/germany-fake-news-social-networks-fine-facebook-50-million-euros-illegal-content-hate-speech-angela-a7668731.html

Germany approves bill curbing online hate crime, fake news
https://www.yahoo.com/tech/germany-approves-bill-curbing-online-093208900.html

California Bill To Ban “Fake News” Would Be Disastrous for Political Speech
https://www.eff.org/deeplinks/2017/03/california-bill-ban-fake-news-would-be-disastrous-political-speech

Google and Facebook Can’t Just Make Fake News Disappear
https://backchannel.com/google-and-facebook-cant-just-make-fake-news-disappear-48f4b4e5fbe8

Google Brings Fake News Fact-Checking to Search Results
https://www.bloomberg.com/news/articles/2017-04-07/google-brings-fake-news-fact-checking-to-search-results

@article{tc_what_is_fake_news,
   author = {Ha, Anthony},
   title = {{W}{T}{F} is fake news?},
   journal = tc,
   year = {2017},
   month = {Feb},
   url = {https://techcrunch.com/2017/02/05/wtf-is-fake-news/},
   annote = {TechCrunch article covering the basics of fake news.}
}

@article{tc_google_fb_partner,
   author = {Lomas, Natasha},
   title = {Google and {F}acebook partner for anti-fake news drive during French election},
   journal = tc,
   year = {2017},
   month = {Feb 6},
   url = {https://techcrunch.com/2017/02/06/google-and-facebook-partner-for-anti-fake-news-drive-during-french-election/},
   annote = {TechCrunch article reporting that Google and Facebook will be working together with various media companies --- including Buzzfeed --- on Cross Check, a platform for identifying fake news.}
}

@article{tc_google_took_down_ads,
   author = {Lunden, Ingrid},
   title = {Google took down 1.7 billion dodgy ads in 2016, over twice as many as in 2015},
   journal = tc,
   year = {2017},
   month = {Jan 25},
   url = {https://techcrunch.com/2017/01/25/google-bad-ads-2016/},
   annote = {TechCrunch article covering Google's removal of 1.7 billion ads from its ad network in 2016.}
}

@article{tc_facebook_responsibility,
   author = {Crook, Jordan},
   title = {Facebook will never take responsibility for fake news},
   journal = tc,
   year = {2017},
   month = {Mar 19},
   url = {https://techcrunch.com/2017/03/19/facebook-will-never-take-responsibility-for-fake-news/},
   annote = {TechCrunch article covering Facebook's struggle with fake news and suggesting that Facebook gains from its spread.}
}

@article{tc_facebook_down_ranks_fake_news,
   author = {Constine, Josh},
   title = {Facebook now flags and down-ranks fake news with help from outside fact checkers},
   journal = tc,
   year = {2016},
   month = {Dec 15},
   url = {https://techcrunch.com/2016/12/15/facebook-now-flags-and-down-ranks-fake-news-with-help-from-outside-fact-checkers/},
   annote = {TechCrunch article covering Facebook's first attempt to make fake news articles less visible, specifying the lack of focus on opinion and the methods including both alorithmic and human input.}}


%
% Facebook
%
@string { fb = "Facebook" }

@misc{fb_reduce_clickbait,
   title = {News Feed FYI: Further Reducing Clickbait in Feed | Facebook Newsroom},
   url = {https://newsroom.fb.com/news/2016/08/news-feed-fyi-further-reducing-clickbait-in-feed/},
   annote = {Official Facebook announcement that they will be working to reduce misleading articles and how they plan to do so.}
}
https://newsroom.fb.com/news/2016/12/news-feed-fyi-addressing-hoaxes-and-fake-news/
@misc{fb_spot_fake_news,
   title = {Tips to Spot False News | Facebook Help Centre},
   url = {https://www.facebook.com/help/188118808357379},
   annote = {Official Facebook tips on how to identify fake news.}
}


%
% Other
%

@article{bbc_facebook_fake_news_crisis,
   author = {Lee, Dave},
   title = {Facebook’s fake news crisis deepens},
   journal = {BBC},
   year = {2016},
   month = {Nov 15},
   url = {http://www.bbc.com/news/technology-37983571},
   annote = {BBC article detailing Facebook's struggle with fake news}
}

@article{wp_russian_election_propaganda,
   author = {Timberg, Craig},
   title = {Russian propaganda effort helped spread ‘fake news’ during election, experts say},
   journal = {Washington Post},
   year = {2016},
   month = {November 24},
   url = {https://www.washingtonpost.com/business/economy/russian-propaganda-effort-helped-spread-fake-news-during-election-experts-say/2016/11/24/793903b6-8a40-4ca9-b712-716af66098fe_story.html?utm_term=.6b52ef2fdc89},
   annote = {Washington Post article suggesting that the Russian goverment used bots to spread misinformation on Facebook during the American Presidential election.}
}

@misc{cbs_fake_news,
   title = {60 Minutes: Fake News},
   journal = {CBS News},
   year = {2017}, 
   month = {March},
   url = {http://www.cbsnews.com/videos/fake-news/},
   annote = {60 Minutes special investigating bot usage involved in the spread of fake news and motivations of the people behind it. Includes a brief exchange with the culprit behind the Pizzagate story.}
}

@article{telegraph_fake_news,
   author = {Carson, James},
   title = {What is fake news? Its origins and how it grew in 2016},
   journal = {The Telegraph},
   year = {2017},
   month = {March},
   url = {http://www.telegraph.co.uk/technology/0/fake-news-origins-grew-2016/},
   annote = {A conservative British source analyzes factors behind the growth of fake news in the modern era.}
}

@article{npr_fake_news,
   author = {Kurtzleben, Danielle},
   title = {With 'Fake News,' Trump Moves From Alternative Facts To Alternative Language},
   journal = {NPR},
   year = {2017},
   month = {Feb 17},
   url = {http://www.npr.org/2017/02/17/515630467/with-fake-news-trump-moves-from-alternative-facts-to-alternative-language},
   annote = {NPR article on Donald Trump's usage of the phrase 'fake news' to refer to disagreeing opinions rather than false stories.}
}

@article{stanford_fake_news_study,
   author = {Crawford, Krysten},
   title = {Stanford study examines fake news and the 2016 presidential election},
   journal = {Stanford News},
   year = {2017},
   month = {Jan 18}, 
   url = {http://news.stanford.edu/2017/01/18/stanford-study-examines-fake-news-2016-presidential-election/},
   annote = {Standford study suggesting that Facebook's involvement in the election was overstated.}
}

@misc{se_code,
 title = {Software Engineering Code of Ethics},
 url = {http://www.acm.org/about/se-code},
 annote = {The ethical basis upon which this paper is written.}
}

@unpublished{karl_proposal,
 title = {Term Paper Proposal},
 author = {Karl Bell},
 note = { },
 annote = {Used to determine how to write this proposal and to source the SE Code of Ethics.}
}
